3118 4908
839 255 886 326 30

303 435 405 494 tontes
422 419 467 492 ies
483 418 548 489 vies
564 415 605 488 de
620 415 794 500 Theocrito,
812 413 865 511 qui
882 437 917 488 se
933 412 1028 488 tonde
1044 436 1098 486 sur
1109 411 1252 486 cesdeux
1263 437 1332 487 vers
1344 411 1425 486 do-

302 531 634 632 videdbis551,2)=
700 545 705 555 ·

441 733 447 740 ⁸
480 751 520 812 Ut
532 769 568 812 re
578 748 723 831 Syracosio
734 749 888 829 prosaica
898 751 977 812 fauce
990 753 1092 829 podtae,

521 847 566 910 Sic
576 849 677 912 anima
691 847 792 929 laqueo
807 848 844 910 sit
852 849 898 910 viu
912 848 1007 910 clausa
1018 857 1084 910 tuae.

300 1053 346 1127 Ge
358 1060 450 1152 podte
461 1052 502 1125 de
513 1050 676 1152 Syracuse,
686 1049 944 1136 c'est'l'hdccrite
956 1067 988 1125 et
1003 1051 1034 1124 le
1045 1065 1134 1149 tyran
1145 1049 1199 1148 qui
1211 1050 1240 1124 le
1253 1049 1307 1124 iait
1318 1053 1422 1126 enan-

299 1169 375 1267 glen
393 1167 469 1241 c’cst
484 1167 613 1240 Hieron.
630 1166 710 1240 Mais
726 1191 763 1240 ce
779 1166 884 1264 prince
899 1167 950 1239 n’a
958 1165 1071 1264 jamnis
1081 1171 1172 1264 passd
1188 1191 1267 1264 pour
1278 1167 1420 1256 barbare,

300 1299 332 1358 et
347 1287 532 1378 Syracusius
554 1299 647 1378 pocta
669 1308 710 1358 ue
729 1281 850 1381 signifie
875 1307 931 1380 pas
955 1281 1216 1356 necessairement
1242 1282 1419 1357 Theocrito

298 1399 400 1473 L'lbis
414 1398 545 1472 d'Oride
561 1407 659 1496 paruit
675 1406 740 1472 dtre
756 1404 775 1472 a
791 1422 853 1495 peu
870 1402 942 1496 pres
958 1412 1026 1470 tout
1043 1397 1141 1471 entier
1157 1398 1311 1496 copiosor
1327 1400 1357 1472 la
1373 1398 1420 1472 fa·

298 1541 406 1590 meuse
422 1515 514 1588 satire
533 1540 595 1613 que
605 1514 796 1612 Callimaquc
808 1515 896 1602 lanea
912 1528 1018 1588 contre
1029 1513 1215 1612 Apollonius
1226 1514 1266 1587 de
1277 1512 1418 1588 Rhodes.
1531 1511 1532 1516 ’

298 1633 353 1717 Or,
371 1632 392 1703 il
409 1645 457 1703 est
472 1628 621 1727 probable
637 1654 698 1726 quc
715 1644 765 1701 cet
781 1630 948 1702 assassinat
960 1627 1117 1727 juridique
1138 1629 1236 1700 auruit
1252 1633 1325 1700 dmu
1348 1626 1419 1724 plus

297 1749 453 1820 rivemeut
475 1745 522 1818 ics
538 1753 647 1843 podtes
663 1744 894 1831 d’Alexandn'c,
921 1762 953 1818 ct
969 1771 1030 1843 que
1046 1745 1238 1843 Callimaque
1253 1745 1419 1818 lui-meme

298 1862 395 1934 aurait
406 1861 508 1934 moins
524 1859 716 1957 rapidemcnt
732 1859 858 1958 indiqud
874 1859 904 1934 le
919 1867 1022 1959 tropas
1036 1861 1075 1933 dc
1092 1886 1150 1934 son
1166 1861 1304 1958 glorieux
1326 1860 1417 1933 rival.
1531 1939 1532 1942 Ἴ

297 1979 334 2050 Je
354 2002 394 2048 ne
413 1976 480 2048 vois
497 1975 573 2047 dans
588 2001 641 2048 ces
658 2001 726 2048 vers
742 1977 857 2074 qu'une
882 1974 923 2049 de
947 2001 1000 2048 ces
1025 1977 1229 2049 nombreuses
1251 1975 1416 2048 traditions

297 2092 351 2189 qui
368 2092 544 2166 circulaient
560 2089 670 2187 depuis
688 2090 864 2188 longtcmps
881 2091 974 2164 surio
985 2116 1083 2188 genre
1094 2091 1134 2164 de
1145 2105 1227 2164 mort
1237 2090 1280 2163 du
1291 2089 1418 2164 iamenu

296 2207 513 2306 rapsace(
538 2205 561 2304 ).

334 2451 384 2536 (i)
397 2451 557 2511 Demetrius
567 2450 850 2532 deTroezeneffliog.
859 2451 1057 2525 Laertavln,
1072 2453 1119 2524 11,
1136 2452 1201 2534 73).
1211 2453 1281 2514 -ΙΙ
1295 2453 1354 2512 faut
1368 2473 1413 2514 re-

294 2551 438 2610 connaitre
453 2547 608 2626 rependant
619 2543 835 2626 qu’Empddocle
847 2558 890 2608 est
900 2547 1091 2627 d’dgrigento,
1107 2558 1200 2628 etque
1214 2559 1286 2609 cette
1299 2550 1416 2630 opinion

293 2665 343 2706 sur
359 2645 385 2704 la
403 2652 476 2703 mort
494 2643 528 2702 de
546 2642 695 2703 Thdocrite
713 2661 813 2721 repose
834 2663 883 2703 sur
901 2663 939 2703 un
967 2644 1141 2722 temoignage
1159 2645 1214 2704 fort
1232 2646 1328 2705 rdcent
1347 2663 1415 2705 sans

293 2743 391 2811 doute,
408 2739 478 2798 mais
494 2739 541 2818 qui
555 2739 711 2818 appartient
729 2757 830 2798 encore
844 2741 860 2798 a
874 2739 1045 2818 l’antiquitd,
1069 2761 1118 2800 sur
1135 2741 1161 2800 lc
1180 2741 1259 2800 Vetus
1275 2743 1415 2821 interpres

292 2836 410 2899 d'Ovide
424 2835 460 2917 (l.
476 2834 519 2917 c.)
536 2856 543 2894 :
563 2860 576 2888 ‹
593 2835 742 2894 Theocrito
752 2835 900 2915 Syracusio
914 2840 1015 2915 podtae,
1034 2838 1082 2916 qui
1099 2857 1164 2896 cum
1178 2839 1208 2896 in
1223 2839 1354 2898 Hieronis
1370 2848 1411 2920 ty-

292 2935 372 2994 ranni
387 2931 476 2990 filium
493 2933 620 2991 invectus
635 2940 721 3002 esset,
742 2931 776 2990 ab
793 2951 826 2990 eo
841 2931 903 2992 ideo
918 2941 961 2992 est
978 2934 1037 3012 capi
1055 2935 1160 3012 jussus,
1177 2943 1208 2994 ut
1222 2953 1287 2994 eum
1298 2935 1333 2994 ad
1344 2955 1411 3016 sup·

291 3029 406 3108 plicium
423 3028 492 3087 trahi
508 3028 662 3089 simularet.
682 3029 874 3107 Interrogatus
895 3031 918 3089 si
938 3031 1069 3111 deinceps
1087 3053 1103 3092 a
1121 3033 1275 3094 rualediotis
1293 3034 1412 3094 desiste·

291 3133 351 3196 ret,
370 3123 418 3182 ille
433 3142 466 3182 eo
481 3123 571 3182 acrius
590 3124 672 3183 etiam
691 3124 762 3202 Regi
776 3124 829 3202 ipsi
845 3125 1009 3185 maledicere
1024 3127 1122 3206 coepit,
1142 3145 1228 3205 quare
1250 3127 1412 3208 indignatus

291 3237 348 3278 non
361 3218 418 3296 jam
435 3216 662 3288 adsimulatum,
682 3216 732 3276 sed
746 3217 781 3276 ad
795 3227 902 3277 certum
916 3220 1085 3298 supplicium
1099 3221 1158 3299 rapi
1170 3222 1272 3300 jussit:
1297 3223 1411 3302 quidam

291 3313 390 3392 laqueo
409 3313 629 3392 strangulatum,
646 3314 758 3392 quidam
769 3315 858 3394 capite
876 3335 978 3376 caesnm
994 3318 1152 3397 prodidere.
1171 3319 1319 3382 s-Cette
1336 3333 1412 3381 mort

290 3410 375 3470 serait
392 3429 493 3470 encore
510 3411 574 3490 plus
599 3410 681 3488 digne
706 3411 772 3470 d'un
793 3411 959 3491 Epicharmo
981 3434 1018 3475 ou
1037 3415 1105 3474 d'un
1124 3415 1276 3476 Philoxene
1298 3437 1353 3496 quo
1375 3419 1409 3479 de

290 3507 438 3569 Thdocrite
453 3526 489 3567 ou
503 3505 711 3586 d'Empddocle.
