3118 4908
678 289 699 355 5

131 460 147 498 ι
161 453 259 527 querar
270 431 390 527 prenait
404 431 432 501 le
447 431 520 526 pain
537 429 594 503 des
609 431 736 504 vaincus
752 444 784 502 et
804 431 910 504 restait
924 436 942 503 a
957 429 1126 529 Syracuse,
1142 431 1245 506 tendis

130 568 221 642 «que
237 544 266 617 le
282 545 392 617 vaincu
402 544 485 616 allait
501 544 579 617 dans
594 544 641 617 les
657 569 845 643 campagnes
861 545 996 618 roisiucs
1013 570 1092 643 pour
1102 547 1246 620 collecter

131 688 146 727 ι
162 684 196 732 sa
212 660 399 745 nornriture3
417 659 586 732 ilchantait
596 658 653 732 des
668 661 823 734 chansons
834 660 920 758 gaios
936 686 978 734 ou
994 661 1191 747 boullonnes,
1214 675 1246 734 et

130 775 368 848 ‹terminaiten
385 772 681 861 lacondesouhait:
773 804 780 818 ··
825 811 827 814 ·

84 1001 89 1006 ·
186 987 313 1065 ‹Regois
327 987 456 1046 labonne
467 986 588 1058 fortune,
601 987 690 1066 regnis
701 987 728 1047 la
739 988 829 1058 santi,

187 1107 200 1136 ‹
217 1084 278 1160 Qua
289 1101 361 1142 nous
372 1081 543 1162 t'apportons
554 1082 588 1142 de
599 1082 625 1141 la
635 1091 698 1162 part
712 1082 746 1142 de
758 1083 783 1143 la
798 1083 907 1154 deesse,
916 1083 1123 1162 quelle-mame
1133 1085 1245 1164 appella

289 1197 362 1258 pour
372 1179 410 1239 toi
421 1176 477 1260 (l).
496 1204 509 1232 ι

177 1375 240 1448 Ces
250 1375 342 1448 recits
353 1375 538 1472 cependant,
547 1374 680 1474 quelque
697 1374 861 1472 singuliers
875 1374 965 1473 qu’ils
988 1375 1156 1472 soientll)‚
1181 1377 1246 1448 n'a·

130 1493 368 1585 ranoeutguera
390 1489 419 1562 la
439 1488 597 1585 question,
618 1502 649 1560 et
659 1488 705 1561 les
716 1488 792 1560 trois
803 1488 952 1585 premiere
964 1503 1084 1560 surtout
1097 1488 1250 1562 semblent

129 1603 215 1676 avoir
230 1604 341 1676 droit'a
356 1603 387 1676 la
403 1610 506 1676 meme
521 1603 651 1700 origine.
663 1602 710 1675 La
718 1603 862 1676 tradition
873 1602 1016 1676 d'Oreste
1026 1617 1166 1675 semente
1177 1627 1250 1675 sans

130 1847 210 1898 notra
224 1837 388 1910 Scholiasta,
405 1839 475 1899 mais
486 1858 553 1899 avec
564 1842 685 1910 cartains
696 1838 793 1899 details
805 1858 860 1918 que
877 1839 918 1899 les
929 1840 1120 1900 abreviateurs
1137 1848 1187 1900 ont
1202 1841 1250 1901 lait

129 1933 291 2014 disparaltre
302 1935 338 1993 du
355 1942 429 1996 texta
442 1953 517 2014 gree.
534 1936 569 1996 Je
583 1953 619 1994 ne
630 1934 687 1995 sais
701 1935 840 2014 pourquoi
854 1935 896 1995 les
907 1934 1029 1996 editeurs
1051 1935 1085 1996 de
1100 1935 1249 1997 Theocrito

129 2050 165 2090 ne
175 2029 246 2090 l'ont
257 2029 355 2110 jamais
366 2030 419 2090 cite
438 2051 445 2088 :

169 2169 183 2198 ι
200 2144 358 2224 Antequam
369 2145 454 2204 llieru
466 2162 517 2204 rex
526 2143 678 2224 Syracusas
689 2153 872 2224 expugnaret,
886 2145 983 2206 morbo
994 2144 1087 2207 Sicilia
1097 2145 1248 2208 laborabat.

129 2239 221 2302 Variis
236 2253 264 2299 et
277 2239 398 2300 assiduis
409 2239 576 2301 ceremoniis
583 2240 703 2302 Dianam
715 2241 868 2321 placantes,
880 2240 964 2302 finem
975 2243 1057 2302 malis
1069 2241 1249 2314 invenerunt,

129 2336 258 2397 camdem
272 2339 347 2416 Lyco
353 2337 632 2416 cognominaverunt,
646 2337 726 2416 quasi
739 2337 902 2398 solatricem
913 2338 1063 2401 malorum.
1077 2340 1146 2401 Inde
1161 2359 1207 2400 res
1220 2339 1250 2399 in

129 2432 361 2493 consuetudinem
370 2442 455 2492 tracta
462 2440 517 2503 est,
527 2439 558 2491 ut
565 2451 665 2510 greges
672 2433 839 2493 rusticorum
847 2429 1251 2516 theatrumiugrederentuffl)

130 2537 159 2588 et
176 2528 209 2588 de
225 2527 338 2588 victoria
352 2537 494 2588 canerent.
514 2528 631 2588 Habitus
645 2545 711 2587 vero
733 2528 818 2608 hujus
836 2530 910 2590 modi
927 2530 1081 2592 ridebatur.
1094 2533 1161 2592 Erat
1170 2531 1251 2611 panis

131 2642 264 2702 magnus,
291 2623 418 2683 omnium
432 2624 556 2683 lerarum
573 2623 694 2702 imagine
709 2625 866 2702 completus
876 2623 933 2705 (.),
946 2634 975 2685 et
985 2628 1211 2697 utercumvino,
1221 2635 1252 2686 at

130 2719 205 2778 lollis
215 2739 280 2779 cum
294 2719 422 2779 omniurn
433 2719 612 2798 leguminum
627 2738 742 2797 genere.
758 2721 852 2780 Inerat
863 2730 892 2780 et
905 2739 1007 2781 corona
1017 2721 1046 2780 iu
1058 2723 1147 2799 capito
1158 2728 1186 2780 et
1201 2738 1250 2799 pa-

131 2814 199 2874 dum
216 2814 371 2886 clavatum3
387 2823 470 2894 atque
491 2815 529 2875 ita
549 2815 688 2875 victorum
707 2815 833 2874 omnium
849 2817 923 2876 lones
938 2815 1086 2876 multitudo
1100 2815 1251 2888 circuibat,

130 2930 243 2970 carmen
254 2911 283 2969 in
294 2911 449 2981 victoriam,
462 2931 547 2989 quam
558 2909 651 2991 adepti
665 2911 792 2982 lucrant,
808 2911 953 2982 canebant,
961 2910 1030 2971 etde
1038 2930 1072 2973 eo
1080 2910 1144 2972 lolle
1156 2912 1253 2974 limina

131 3005 257 3084 frugibus
274 3005 453 3085 spargebant.
471 2997 609 3065 Nonnulli
622 3016 651 3066 et
664 3005 693 3063 in
707 3005 817 3065 Italiam
833 3014 861 3064 et
875 3005 904 3065 in
918 3006 1037 3086 Lydiam
1054 3016 1081 3068 et
1098 2996 1252 3089 AEgypt'um

130 3099 1253 3186 transisscoredunturquoslpdicmueetBucotiatosappellaverunt.Quamquarn

132 3207 175 3258 est
192 3206 220 3258 et
236 3198 290 3258 alia
304 3198 398 3278 opinio
412 3200 518 3258 circum
531 3218 618 3279 pagos
639 3207 667 3258 et
684 3198 786 3279 oppida
799 3200 896 3259 solitos
914 3201 1000 3261 luisse
1017 3211 1155 3280 pastores,
1175 3220 1251 3262 oom-

131 3297 222 3376 posito
236 3296 359 3356 carmine
375 3297 482 3376 precari
496 3316 631 3376 pecorum
648 3305 676 3355 et
690 3297 802 3374 frugum
827 3287 1009 3378 omniumque
1023 3318 1119 3359 rerum
1135 3318 1253 3380 proven·

132 3403 203 3464 tum,
220 3400 304 3472 atque
314 3393 378 3452 inde
389 3394 418 3452 in
428 3394 504 3453 hune
515 3393 589 3453 diem
600 3391 645 3476 ()
660 3411 774 3452 manere
784 3412 888 3453 nomen
902 3402 931 3453 ct
944 3395 1030 3454 ritum
1044 3395 1250 3468 Bucolicorum.

131 3489 233 3549 Putant
242 3496 337 3548 autem
349 3488 523 3568 quidamhoc
531 3507 621 3568 genus
632 3487 897 3567 carminisprimum
904 3489 1037 3568 Daphnin
1048 3491 1251 3571 composuisse,

131 3585 231 3646 deinde
254 3585 324 3645 alios
347 3585 505 3666 complures
531 3586 694 3664 intorques
717 3585 899 3646 Theocritum
925 3586 1147 3667 Syracusanum,
1168 3605 1254 3667 quem

132 3690 229 3742 noster
239 3681 394 3742 imitaretur
405 3680 581 3765 (Virgilius).
600 3708 614 3738 ι

171 3779 206 3838 Js
229 3787 349 3856 regrette
373 3778 407 3838 de
428 3777 536 3839 n'avoir
556 3799 595 3858 pu
617 3787 731 3840 trouver
752 3780 779 3840 le
798 3779 867 3840 recia
881 3779 915 3840 de
932 3779 1043 3839 Probus.
1055 3777 1258 3857 queWelcker

131 3871 335 3959 (ffottbiicltrr
346 3871 397 3955 tta
408 3871 573 3962 Stltitctog.
591 3879 683 3943 1829.
696 3878 716 3940 3
728 3870 789 3957 tn.)
803 3875 842 3935 tit
856 3875 914 3935 atre
927 3875 1152 3955 tortimportant.

172 3989 222 4072 (l)
236 3991 275 4051 Ce
290 3991 338 4069 qui
351 3991 511 4070 prouverait
523 4009 624 4052 encore
645 3991 707 4052 leur
728 3989 875 4070 antiquita,
888 3990 957 4050 c’est
972 4009 1026 4069 quc
1038 4007 1111 4050 nous
1123 3988 1164 4048 les
1176 3996 1252 4048 που·

133 4105 205 4148 vons
225 4085 384 4167 reproduits
402 4105 438 4145 en
456 4085 546 4166 partie
564 4087 633 4148 dans
651 4087 678 4146 la
698 4087 750 4150 Vis
773 4087 808 4148 da
821 4086 945 4165 Virgils,
962 4085 1097 4148 attribute
1108 4087 1124 4145 a
1135 4085 1198 4145 Tib.
1209 4084 1252 4143 Cl.

133 4181 274 4253 Donatus,
294 4181 354 4261 qui,
374 4181 440 4260 quel
454 4201 508 4261 que
527 4183 581 4242 soit
594 4201 646 4244 son
659 4191 770 4254 auteur,
783 4184 916 4262 naparalt
925 4201 976 4262 pas
990 4190 1133 4243 remonter
1143 4202 1179 4242 au
1193 4180 1257 4242 dela

136 4278 175 4339 du
185 4277 344 4358 cinquibme
357 4277 451 4339 siecle.
